@article{greenwade93,
    author  = "Britez, Fabio - Corval√°n, Abel - Rodriguez, Facundo",
    title   = "The {C}omprehensive {T}ex {A}rchive {N}etwork ({CTAN})",
    year    = "2023",
    journal = "TUGBoat",
    volume  = "1",
    number  = "1",
    pages   = "342--351"
}

 